%% This BibTeX bibliography file was created using BibDesk.
%% http://bibdesk.sourceforge.net/

%% Created for Jón Kristinn Helgason at 2015-12-04 15:55:05 +0000 


%% Saved with string encoding Unicode (UTF-8) 



@misc{python3,
	Author = {{ Python Software Foundation}},
	Date-Added = {2015-12-04 15:53:48 +0000},
	Date-Modified = {2015-12-04 15:54:51 +0000},
	Title = {Pyhton},
	Url = {https://www.python.org/},
	Year = {2015}}

@misc{lib,
	Author = {{John Hunter, Darren Dale, Eric Firing and Michael Droettboom}},
	Date-Added = {2015-12-04 15:46:15 +0000},
	Date-Modified = {2015-12-04 15:47:42 +0000},
	Title = {Matplotlib},
	Url = {http://matplotlib.org/},
	Year = {2012},
	Bdsk-Url-1 = {http://matplotlib.org/}}

@misc{H,
	Author = {{Hagstofa {\'I}slands}},
	Date-Added = {2015-12-04 11:13:50 +0000},
	Date-Modified = {2015-12-04 11:20:24 +0000},
	Title = {Hagstofa {\'I}slands},
	Url = {http://hagstofa.is/},
	Year = {2015},
	Bdsk-Url-1 = {http://hagstofa.is/}}

@misc{HG2,
	Author = {{Hagstofa {\'I}slands}},
	Date-Added = {2015-12-04 11:11:23 +0000},
	Date-Modified = {2015-12-04 11:14:53 +0000},
	Title = {Mannfj{\"o}ldi eftir menntunarst{\"o}ðu 2003-2013},
	Url = {http://px.hagstofa.is/pxis/pxweb/is/Samfelag/Samfelag__skolamal__5_menntunarstada/SKO00009.px/},
	Year = {2015},
	Bdsk-Url-1 = {http://px.hagstofa.is/pxis/pxweb/is/Samfelag/Samfelag__skolamal__5_menntunarstada/SKO00009.px/}}

@misc{HG1,
	Author = {{Hagstofa {\'I}slands}},
	Date-Added = {2015-12-04 11:09:42 +0000},
	Date-Modified = {2015-12-04 11:14:43 +0000},
	Title = {Laun {\'a} almennum vinnumarkaði eftir starfsst{\'e}tt og kyni 1998-2014},
	Url = {http://px.hagstofa.is/pxis/pxweb/is/Samfelag/Samfelag__launogtekjur__2_laun__2_fulllaun/VIN02010.px/},
	Year = {2015},
	Bdsk-Url-1 = {http://px.hagstofa.is/pxis/pxweb/is/Samfelag/Samfelag__launogtekjur__2_laun__2_fulllaun/VIN02010.px/}}

@book{carryer2011IntroMechatronics,
	Author = {J. Edward Carryer and R. Matthew Ohline and Thomas W. Kenny},
	Optaddress = {address},
	Optannote = {annote},
	Optedition = {edition},
	Optkey = {key},
	Optmonth = {month},
	Optnote = {note},
	Optnumber = {number},
	Optseries = {series},
	Optvolume = {volume},
	Publisher = {Pearson Education},
	Title = {Introduction to Mechatronic Design},
	Year = {2011}}

@article{foley2013dustcloud,
	Author = {Joseph Timothy Foley and Þorgeir Palsson},
	Journal = {RANNIS},
	Owner = {foley},
	Timestamp = {2015.02.24},
	Title = {Dustcloud: Distributed In-situ Ash Cloud Measurement for Aviation Safety (Proposal)},
	Year = {2013}}

@misc{kreher2005pseudocode,
	Author = {D.L. Kreher and D.R. Stinson},
	Title = {Pseudocode: A {LaTeX} Style File for Displaying Algorithms},
	Url = {http://mirror.hmc.edu/ctan/macros/latex/contrib/pseudocode/pseudocode.pdf},
	Year = {2005},
	Bdsk-Url-1 = {http://mirror.hmc.edu/ctan/macros/latex/contrib/pseudocode/pseudocode.pdf}}

@misc{Warbrick94essentiallatex,
	Author = {Jon Warbrick},
	Title = {Essential LATEX ++},
	Year = {1994}}

@misc{URL:ru.is,
	Key = {Reykjavik University},
	Title = {Reykjavik University Website},
	Url = {www.ru.is},
	Bdsk-Url-1 = {www.ru.is}}
