% This file was created with JabRef 2.10.
% Encoding: UTF-8


@Misc{sp_flightsim,
  Title                    = {Stewart Platform - Wikipedia},

  Author                   = {Ethan Arnold},
  Month                    = {October},
  Year                     = {2004},

  Owner                    = {kristofer},
  Timestamp                = {2015.10.04},
  Url                      = {https://en.wikipedia.org/wiki/Stewart_platform}
}

@Book{benevides2012aed,
  Title                    = {Advanced engineering design: An integrated apprache},
  Author                   = {Efr\'en Moreno Benevides},
  Publisher                = {Woodhead Publishing Limited},
  Year                     = {2012},

  Address                  = {80 High Street, Sawston, Cambridge CB22 3HJ, UK},

  Owner                    = {foley},
  Timestamp                = {2015.01.14}
}

@Book{carryer2011IntroMechatronics,
  Title                    = {Introduction to Mechatronic Design},
  Author                   = {J. Edward Carryer and R. Matthew Ohline and Thomas W. Kenny},
  Publisher                = {Pearson Education},
  Year                     = {2011},

  Optaddress               = {address},
  Optannote                = {annote},
  Optedition               = {edition},
  Optkey                   = {key},
  Optmonth                 = {month},
  Optnote                  = {note},
  Optnumber                = {number},
  Optseries                = {series},
  Optvolume                = {volume}
}

@Misc{pres:NASAdock,
  Title                    = {Overview of LIDS Docking Seals Development},

  Author                   = {Dunlap, Pat and Bruce, Steinetz and Daniels, Chris},
  Month                    = {November},
  Note                     = {Developement presentation},
  Year                     = {2008},

  Owner                    = {kristofer},
  Timestamp                = {2015.11.02},
  Url                      = {http://ntrs.nasa.gov/search.jsp?R=20130013108}
}

@Other{hall_virtuousmachines,
  Title                    = {The Age of Virtuous Machines},
  Author                   = {J. Storrs Hall},
  Publisher                = {Lifeboat Foundation: Safegarding Humanity Website},
  Url                      = {http://lifeboat.com/ex/the.age.of.virtuous.machines}
}

@Misc{icelandair,
  Title                    = {Nýr flughermir Icelandair tekin í notkun},

  Author                   = {Ingþór Ingólfsson},
  Month                    = {11},
  Year                     = {2015},

  Owner                    = {Haukur},
  Timestamp                = {2015.11.04},
  Url                      = {https://www.youtube.com/watch?v=JtpUE8i-8EM}
}

@Misc{kreher2005pseudocode,
  Title                    = {Pseudocode: A {LaTeX} Style File for Displaying Algorithms},

  Author                   = {D.L. Kreher and D.R. Stinson},
  Year                     = {2005},

  Url                      = {http://mirror.hmc.edu/ctan/macros/latex/contrib/pseudocode/pseudocode.pdf}
}

@Other{krystek2003moonhoax,
  Title                    = {The Great Moon Landing Hoax},
  Author                   = {Lee Krystek},
  Publisher                = {The Museum of Unnatural History Website},
  Url                      = {http://www.unmuseum.org/moonhoax.htm},
  Year                     = {2003}
}

@Other{ramirez2010sharkweek,
  Title                    = {Shark Week},
  Author                   = {Richard Ramirez},
  Publisher                = {Atomic Gator Wordpress},
  Url                      = {http://atomicgator.wordpress.com/2010/08/01/shark-week/},
  Year                     = {2010}
}

@Misc{sp_code,
  Title                    = {RotaryStewartPlatformV2},

  Author                   = {Dan Royer},
  Month                    = {November},
  Year                     = {2015},

  Owner                    = {kristofer},
  Timestamp                = {2015.11.04},
  Url                      = {https://github.com/MarginallyClever/RotaryStewartPlatform2}
}

@Misc{sp,
  Title                    = {Rotary Stewart Platform v2 - MarginallyClever.com},

  Author                   = {Dan Royer},
  Month                    = {September},
  Year                     = {2013},

  Owner                    = {kristofer},
  Timestamp                = {2015.10.04},
  Url                      = {https://www.marginallyclever.com/shop/stewart-platforms/rotary-stewart-platform-v2}
}

@Misc{sf_motor,
  Title                    = {Stepper Motor With Cable},

  Author                   = {SparkFun.com},
  Month                    = {October},
  Year                     = {2015},

  Owner                    = {kristofer},
  Timestamp                = {2015.10.04},
  Url                      = {www.sparkfun.com/products/9238}
}

@Misc{veltipete,
  Title                    = {Velti-Pétur},

  Author                   = {Spilavinir},
  Month                    = {11},
  Year                     = {2015},

  Owner                    = {Haukur},
  Timestamp                = {2015.11.04},
  Url                      = {http://www.spilavinir.is/verslun/velti-p-tur.html}
}

@Misc{gif_hex,
  Title                    = {Stewart Platform - Wikipedia},

  Author                   = {UtzOnBike},
  Month                    = {August},
  Year                     = {2005},

  Owner                    = {kristofer},
  Timestamp                = {2015.11.03},
  Url                      = {https://en.wikipedia.org/wiki/Stewart_platform}
}

@Misc{Warbrick94essentiallatex,
  Title                    = {Essential LATEX ++},

  Author                   = {Jon Warbrick},
  Year                     = {1994}
}

@Misc{URL:ru.is,
  Title                    = {Reykjavik University Website},

  Key                      = {Reykjavik University},
  Url                      = {www.ru.is}
}

