%% This BibTeX bibliography file was created using BibDesk.
%% http://bibdesk.sourceforge.net/

%% Created for Jón Kristinn Helgason at 2015-12-15 16:12:54 +0000 


%% Saved with string encoding Unicode (UTF-8) 



@misc{pillow,
	Author = { {Fredrik Lundh, Alex Clark and Contributors.}},
	Date-Added = {2015-12-15 16:09:00 +0000},
	Date-Modified = {2015-12-15 16:12:52 +0000},
	Title = {Pillow},
	Url = {https://python-pillow.github.io/},
	Year = {2015}}

@misc{bluemarble,
	Author = {NASA},
	Date-Added = {2015-12-15 16:03:26 +0000},
	Date-Modified = {2015-12-15 16:06:22 +0000},
	Title = {NASA - National Aeronautics and Space Administration Visible Earth},
	Url = {http://visibleearth.nasa.gov/view_cat.php?categoryID=1484},
	Year = {2015},
	Bdsk-Url-1 = {http://visibleearth.nasa.gov/view_cat.php?categoryID=1484}}

@misc{python3,
	Author = {{ Python Software Foundation}},
	Date-Added = {2015-12-04 15:53:48 +0000},
	Date-Modified = {2015-12-04 15:54:51 +0000},
	Title = {Pyhton},
	Url = {https://www.python.org/},
	Year = {2015},
	Bdsk-Url-1 = {https://www.python.org/}}

@misc{moviepy,
	Author = {Zulko 2015},
	Howpublished = {online},
	Timestamp = {2015.12.15},
	Title = {Moviepy Editor},
	Url = {https://pypi.python.org/pypi/moviepy},
	Bdsk-Url-1 = {https://pypi.python.org/pypi/moviepy}}

@article{foley2013dustcloud,
	Author = {Joseph Timothy Foley and Þorgeir Palsson},
	Journal = {RANNIS},
	Owner = {foley},
	Timestamp = {2015.02.24},
	Title = {Dustcloud: Distributed In-situ Ash Cloud Measurement for Aviation Safety (Proposal)},
	Year = {2013}}

@misc{weapon,
	Author = {Stocholm International Peace Research Institute},
	Howpublished = {online},
	Timestamp = {2015.12.10},
	Title = {Stockholm International Peace Research Institue},
	Url = {http://armstrade.sipri.org/armstrade/page/values.php},
	Bdsk-Url-1 = {http://armstrade.sipri.org/armstrade/page/values.php}}

@misc{lib,
	Author = {{John Hunter, Darren Dale, Eric Firing and Michael Droettboom}},
	Date-Added = {2015-12-04 15:46:15 +0000},
	Date-Modified = {2015-12-04 15:47:42 +0000},
	Title = {Matplotlib},
	Url = {http://matplotlib.org/},
	Year = {2012},
	Bdsk-Url-1 = {http://matplotlib.org/}}

@misc{kreher2005pseudocode,
	Author = {D.L. Kreher and D.R. Stinson},
	Title = {Pseudocode: A {LaTeX} Style File for Displaying Algorithms},
	Url = {http://mirror.hmc.edu/ctan/macros/latex/contrib/pseudocode/pseudocode.pdf},
	Year = {2005},
	Bdsk-Url-1 = {http://mirror.hmc.edu/ctan/macros/latex/contrib/pseudocode/pseudocode.pdf}}

@misc{qt4,
	Author = {The Qt Company Ltd.},
	Howpublished = {online},
	Timestamp = {2015.12.14},
	Title = {Qt Designer Manual},
	Url = {http://doc.qt.io/qt-4.8/designer-manual.html},
	Year = {2015},
	Bdsk-Url-1 = {http://doc.qt.io/qt-4.8/designer-manual.html}}

@misc{Qdarkstyle,
	Author = {MIT},
	Timestamp = {2015.12.09},
	Title = {Qdarkstylesheet},
	Url = {https://anaconda.org/pypi/qdarkstyle},
	Bdsk-Url-1 = {https://anaconda.org/pypi/qdarkstyle}}

@misc{Eclipse,
	Author = {Nasa},
	Howpublished = {online},
	Timestamp = {2015.12.10},
	Title = {Nasa Eclipse website},
	Url = {http://eclipse.gsfc.nasa.gov/SEcat5/SE1901-2000.html},
	Bdsk-Url-1 = {http://eclipse.gsfc.nasa.gov/SEcat5/SE1901-2000.html}}

@misc{conflict,
	Author = {Upsala Universitet},
	Howpublished = {online},
	Month = {6},
	Timestamp = {2015.12.10},
	Title = {Department of Peace and Conflict Research},
	Url = {http://www.pcr.uu.se/research/ucdp/datasets/ucdp_prio_armed_conflict_dataset/},
	Year = {2015},
	Bdsk-Url-1 = {http://www.pcr.uu.se/research/ucdp/datasets/ucdp_prio_armed_conflict_dataset/}}

@misc{Warbrick94essentiallatex,
	Author = {Jon Warbrick},
	Title = {Essential LATEX ++},
	Year = {1994}}

@misc{basemap,
	Author = {Jeffrey Whitaker},
	Month = {2},
	Timestamp = {2015.12.11},
	Title = {Matplotlib Basemap Toolkit},
	Url = {http://matplotlib.org/basemap/},
	Year = {2014},
	Bdsk-Url-1 = {http://matplotlib.org/basemap/}}

@misc{URL:ru.is,
	Key = {Reykjavik University},
	Title = {Reykjavik University Website},
	Url = {www.ru.is},
	Bdsk-Url-1 = {www.ru.is}}
