% This file was created with JabRef 2.9.2.
% Encoding: UTF8

@BOOK{carryer2011IntroMechatronics,
  title = {Introduction to Mechatronic Design},
  publisher = {Pearson Education},
  year = {2011},
  author = {J. Edward Carryer and R. Matthew Ohline and Thomas W. Kenny},
  optaddress = {address},
  optannote = {annote},
  optedition = {edition},
  optkey = {key},
  optmonth = {month},
  optnote = {note},
  optnumber = {number},
  optseries = {series},
  optvolume = {volume}
}

@ARTICLE{foley2013dustcloud,
  author = {Joseph Timothy Foley and Ãžorgeir Palsson},
  title = {Dustcloud: Distributed In-situ Ash Cloud Measurement for Aviation
	Safety (Proposal)},
  journal = {RANNIS},
  year = {2013},
  owner = {foley},
  timestamp = {2015.02.24}
}

@MISC{kreher2005pseudocode,
  author = {D.L. Kreher and D.R. Stinson},
  title = {Pseudocode: A {LaTeX} Style File for Displaying Algorithms},
  year = {2005},
  url = {http://mirror.hmc.edu/ctan/macros/latex/contrib/pseudocode/pseudocode.pdf}
}

@MISC{Warbrick94essentiallatex,
  author = {Jon Warbrick},
  title = {Essential LATEX ++},
  year = {1994}
}

@MISC{URL:ru.is,
  title = {Reykjavik University Website},
  key = {Reykjavik University},
  url = {www.ru.is}
}

